<?xml version="1.0" encoding="UTF-8"?><collection xmlns="http://www.loc.gov/MARC21/slim"><record><leader>00511nam--2200133-i-4500</leader><controlfield tag="001">000011384</controlfield><controlfield tag="002">20161230</controlfield><controlfield tag="005">20161230201029</controlfield><controlfield tag="008">060222s1000------------r-----000-0-eng-d</controlfield><datafield ind1=" " ind2=" " tag="245"><subfield code="a">Proceedings of the international conference on modern trends in activation analysis. c.e.n. saclay (france) 2-6 oct., 1972. reprinted from the journal of radioanalytical chemistry</subfield></datafield><datafield ind1=" " ind2=" " tag="260"><subfield code="a">Amsterdam, Elsevier Scientific Publishin Co., 1972</subfield></datafield><datafield ind1=" " ind2=" " tag="490"><subfield code="a">Viii + 705 P</subfield></datafield><datafield ind1=" " ind2=" " tag="700"><subfield code="a">Braun, T.And Bujdoso, E</subfield></datafield><datafield ind1=" " ind2=" " tag="852"><subfield code="a">543.53(061.3)</subfield></datafield></record></collection>